<?xml version="1.0" encoding="UTF-8"?><record xmlns="http://www.loc.gov/MARC21/slim" xmlns:cinclude="http://apache.org/cocoon/include/1.0" xmlns:zs="http://www.loc.gov/zing/srw/">
  <leader>00513cz  a2200157n  4500</leader>
  <controlfield tag="001">n 2005019788</controlfield>
  <controlfield tag="003">DLC</controlfield>
  <controlfield tag="005">20150116113005.0</controlfield>
  <controlfield tag="008">050317n| azannaabn          |a aaa      </controlfield>
  <datafield tag="010" ind1=" " ind2=" ">
    <subfield code="a">n 2005019788</subfield>
  </datafield>
  <datafield tag="040" ind1=" " ind2=" ">
    <subfield code="a">DLC</subfield>
    <subfield code="b">eng</subfield>
    <subfield code="e">rda</subfield>
    <subfield code="c">DLC</subfield>
    <subfield code="d">DLC</subfield>
  </datafield>
  <datafield tag="046" ind1=" " ind2=" ">
    <subfield code="f">1873</subfield>
  </datafield>
  <datafield tag="100" ind1="1" ind2=" ">
    <subfield code="a">Stoddard, Ralph Perkins,</subfield>
    <subfield code="d">1873-</subfield>
  </datafield>
  <datafield tag="400" ind1="1" ind2=" ">
    <subfield code="w">nnea</subfield>
    <subfield code="a">Stoddard, Ralph Perkins,</subfield>
    <subfield code="d">b. 1873</subfield>
  </datafield>
  <datafield tag="670" ind1=" " ind2=" ">
    <subfield code="a">Small brick houses of the twenties, 2005:</subfield>
    <subfield code="b">t.p. (Ralph P. Stoddard)</subfield>
  </datafield>
  <datafield tag="670" ind1=" " ind2=" ">
    <subfield code="a">LC database, Mar. 17, 2005</subfield>
    <subfield code="b">(LC hdg.: Stoddard, Ralph Perkins, 1873-)</subfield>
  </datafield>
</record>